<?xml version='1.0' encoding='utf-8'?>
<record xmlns="http://www.loc.gov/MARC21/slim" xmlns:xsi="http://www.w3.org/2001/XMLSchema-instance" xsi:schemaLocation="http://www.loc.gov/MARC21/slim http://www.loc.gov/standards/marcxml/schema/MARC21slim.xsd">
  <leader>     nim  2200337 a 4500</leader>
  <controlfield tag="005">20020130000000.0</controlfield>
  <controlfield tag="007">sd bumdnn-----</controlfield>
  <controlfield tag="008">000710s1967    miunnn   r     z    eng d</controlfield>
  <datafield tag="028" ind1="0" ind2="2">
    <subfield code="a">TV-JAJ-1001--TV-JAJ-1013</subfield>
    <subfield code="b">Institute for Social Research</subfield>
  </datafield>
  <datafield tag="035" ind1=" " ind2=" ">
    <subfield code="a">(OCoLC)ocm15032215</subfield>
  </datafield>
  <datafield tag="040" ind1=" " ind2=" ">
    <subfield code="a">XBM</subfield>
    <subfield code="c">XBM</subfield>
    <subfield code="d">BEU</subfield>
  </datafield>
  <datafield tag="043" ind1=" " ind2=" ">
    <subfield code="a">n-us-mi</subfield>
  </datafield>
  <datafield tag="245" ind1="0" ind2="4">
    <subfield code="a">The Flint youth study experience</subfield>
    <subfield code="h">[sound recording]</subfield>
  </datafield>
  <datafield tag="260" ind1=" " ind2=" ">
    <subfield code="a">[Ann Arbor?] :</subfield>
    <subfield code="b">Institute for Social Research of the University of Michigan,</subfield>
    <subfield code="c">[1967?]</subfield>
  </datafield>
  <datafield tag="300" ind1=" " ind2=" ">
    <subfield code="a">7 sound discs :</subfield>
    <subfield code="b">analog, 33 1/3 rpm ;</subfield>
    <subfield code="c">10 in. +</subfield>
    <subfield code="e">24 manuals.</subfield>
  </datafield>
  <datafield tag="500" ind1=" " ind2=" ">
    <subfield code="a">Study jointly conceived by the Institute for Social Research of the University of Michigan and a Professional Leaders Committee of the City of Flint, Michigan.</subfield>
  </datafield>
  <datafield tag="520" ind1=" " ind2=" ">
    <subfield code="a">Summarizes and analyzes the four phases of the juvenile delinquency study experience. Manuals explain how material may be used with various groups and numbers of study sessions.</subfield>
  </datafield>
  <datafield tag="555" ind1="0" ind2=" ">
    <subfield code="a">Finding aid available via World Wide Web at URL: http://quod.lib.umich.edu/cgi/f/findaid/findaid-idx?c=bhlead&amp;idno=umich-bhl-0081</subfield>
  </datafield>
  <datafield tag="505" ind1="0" ind2=" ">
    <subfield code="a">1. Orientation to symposium. Basic tables and police blotter study -- 2. Status forces in delinquent boys. Rebellion and protest among Negro boys -- 3. Male and female delinquency, a comparison. The socialization community study -- 4. Summary of diagnostic phase. Report of research findings to the community -- 5. Deriving new models of action. The "In-betweeners" program. The court project: Traverse Youth Center. "The deciders" values education project. The family-centered project. The teen-age action project. Summary of resource material -- 6. Feasibility of new programs and testing -- 7. Sharing new practices with others.</subfield>
  </datafield>
  <datafield tag="650" ind1=" " ind2="0">
    <subfield code="a">Youth</subfield>
    <subfield code="z">Michigan</subfield>
    <subfield code="z">Flint.</subfield>
  </datafield>
  <datafield tag="650" ind1=" " ind2="0">
    <subfield code="a">Juvenile delinquents</subfield>
    <subfield code="z">Michigan</subfield>
    <subfield code="z">Flint.</subfield>
  </datafield>
  <datafield tag="651" ind1=" " ind2="0">
    <subfield code="a">Flint (Mich.)</subfield>
    <subfield code="x">Social conditions.</subfield>
  </datafield>
  <datafield tag="710" ind1="2" ind2=" ">
    <subfield code="a">University of Michigan.</subfield>
    <subfield code="b">Institute for Social Research.</subfield>
  </datafield>
  <datafield tag="710" ind1="1" ind2=" ">
    <subfield code="a">Flint (Mich.).</subfield>
    <subfield code="b">Professional Leaders Committee.</subfield>
  </datafield>
  <datafield tag="773" ind1="0" ind2=" ">
    <subfield code="a">Lippitt, Ronald</subfield>
    <subfield code="t">Ronald Lippitt papers</subfield>
    <subfield code="w">BAX8639</subfield>
  </datafield>
  <datafield tag="856" ind1="4" ind2="2">
    <subfield code="3">Finding aid:</subfield>
    <subfield code="u">http://quod.lib.umich.edu/cgi/f/findaid/findaid-idx?c=bhlead&amp;idno=umich-bhl-0081</subfield>
  </datafield>
  <datafield tag="998" ind1=" " ind2=" ">
    <subfield code="c">TEP</subfield>
  </datafield>
</record>
